<?xml version="1.0" encoding="UTF-8"?>
<record>
  <leader>01160nam#a2200325#c#4500</leader>
  <controlfield tag="005">20230510151855.0</controlfield>
  <controlfield tag="007">tu</controlfield>
  <controlfield tag="008">230427|2021####gw ###########|||#||ger#c</controlfield>
  <controlfield tag="003">DE-605</controlfield>
  <controlfield tag="001">99372423490706441</controlfield>
  <datafield tag="020" ind1=" " ind2=" ">
    <subfield code="a">9783772523724</subfield>
    <subfield code="9">978-3-7725-2372-4</subfield>
  </datafield>
  <datafield tag="020" ind1=" " ind2=" ">
    <subfield code="a">3772523722</subfield>
    <subfield code="9">3-7725-2372-2</subfield>
  </datafield>
  <datafield tag="035" ind1=" " ind2=" ">
    <subfield code="a">(DE-605)HT030002417</subfield>
  </datafield>
  <datafield tag="040" ind1=" " ind2=" ">
    <subfield code="a">121</subfield>
    <subfield code="b">ger</subfield>
    <subfield code="d">121</subfield>
    <subfield code="e">rakwb</subfield>
  </datafield>
  <datafield tag="041" ind1=" " ind2=" ">
    <subfield code="a">ger</subfield>
    <subfield code="h">eng</subfield>
  </datafield>
  <datafield tag="044" ind1=" " ind2=" ">
    <subfield code="c">XA-DE</subfield>
  </datafield>
  <datafield tag="084" ind1=" " ind2=" ">
    <subfield code="a">230</subfield>
    <subfield code="2">rpb</subfield>
  </datafield>
  <datafield tag="100" ind1="1" ind2=" ">
    <subfield code="a">Papašvili, Helen Waite</subfield>
    <subfield code="d">1906-1996</subfield>
    <subfield code="0">(DE-588)1089435150</subfield>
    <subfield code="4">aut</subfield>
    <subfield code="0">https://portal.dnb.de/opac.htm?method=simpleSearch&amp;cqlMode=true&amp;query=idn=1089435150</subfield>
    <subfield code="0">http://viaf.org/viaf/sourceID/DNB|1089435150</subfield>
    <subfield code="B">GND-1089435150</subfield>
  </datafield>
  <datafield tag="245" ind1="1" ind2="0">
    <subfield code="a">Öffne mir das Tor zur Welt!</subfield>
    <subfield code="b">das Leben der taubblinden Helen Keller und ihrer Lehrerin Anne Sullivan</subfield>
    <subfield code="c">Helen E. Waite ; aus dem Amerikanischen von Sabine Gabert</subfield>
  </datafield>
  <datafield tag="250" ind1=" " ind2=" ">
    <subfield code="a">9. Auflage</subfield>
  </datafield>
  <datafield tag="264" ind1=" " ind2="1">
    <subfield code="a">Stuttgart</subfield>
    <subfield code="b">Verlag Freies Geistesleben</subfield>
    <subfield code="c">2021</subfield>
  </datafield>
  <datafield tag="300" ind1=" " ind2=" ">
    <subfield code="a">256 Seiten</subfield>
    <subfield code="b">Illustrationen</subfield>
  </datafield>
  <datafield tag="689" ind1="0" ind2="0">
    <subfield code="a">Keller, Helen</subfield>
    <subfield code="d">1880-1968</subfield>
    <subfield code="D">p</subfield>
    <subfield code="0">(DE-588)118561103</subfield>
    <subfield code="0">https://portal.dnb.de/opac.htm?method=simpleSearch&amp;cqlMode=true&amp;query=idn=118561103</subfield>
    <subfield code="0">http://viaf.org/viaf/sourceID/DNB|118561103</subfield>
    <subfield code="B">GND-118561103</subfield>
  </datafield>
  <datafield tag="035" ind1=" " ind2=" ">
    <subfield code="a">(DE-599)HBZHT030002417</subfield>
  </datafield>
  <datafield tag="964" ind1="0" ind2="s">
    <subfield code="F">051</subfield>
    <subfield code="A">mh||||||</subfield>
  </datafield>
  <datafield tag="964" ind1="0" ind2="i">
    <subfield code="I">marc-FMT via MAB2MARC</subfield>
    <subfield code="F">FMT</subfield>
    <subfield code="A">BK</subfield>
  </datafield>
  <datafield tag="964" ind1="0" ind2="s">
    <subfield code="F">030</subfield>
    <subfield code="A">a|1uc||||||17</subfield>
  </datafield>
  <datafield tag="964" ind1="0" ind2="s">
    <subfield code="F">050</subfield>
    <subfield code="A">a|||||||||||||</subfield>
  </datafield>
  <datafield tag="700" ind1="1" ind2=" ">
    <subfield code="a">Gabert, Sabine</subfield>
    <subfield code="0">(DE-588)14072270X</subfield>
    <subfield code="4">trl</subfield>
    <subfield code="0">https://portal.dnb.de/opac.htm?method=simpleSearch&amp;cqlMode=true&amp;query=idn=14072270X</subfield>
    <subfield code="0">http://viaf.org/viaf/sourceID/DNB|14072270X</subfield>
    <subfield code="B">GND-14072270X</subfield>
  </datafield>
  <datafield tag="655" ind1=" " ind2="7">
    <subfield code="a">Biografie</subfield>
    <subfield code="0">(DE-588)4006804-3</subfield>
    <subfield code="2">gnd-content</subfield>
  </datafield>
  <datafield tag="MBD" ind1=" " ind2=" ">
    <subfield code="M">49HBZ_NETWORK</subfield>
    <subfield code="i">99372423490706441</subfield>
    <subfield code="n">HBZ Network</subfield>
  </datafield>
  <datafield tag="MBD" ind1=" " ind2=" ">
    <subfield code="M">49HBZ_BRIDGE_WBT</subfield>
    <subfield code="i">9949806607826</subfield>
    <subfield code="n">Stadtbibliothek Trier</subfield>
  </datafield>
  <datafield tag="MNG" ind1=" " ind2=" ">
    <subfield code="c">System</subfield>
    <subfield code="f">49HBZ_NETWORK</subfield>
    <subfield code="i">marc21</subfield>
    <subfield code="k">01</subfield>
    <subfield code="e">false</subfield>
    <subfield code="d">2023-05-11 04:10:46 Europe/Berlin</subfield>
    <subfield code="j">60</subfield>
    <subfield code="a">exl_api</subfield>
    <subfield code="b">2023-04-27 14:31:41 Europe/Berlin</subfield>
  </datafield>
  <datafield tag="H52" ind1="0" ind2=" ">
    <subfield code="b">T0010</subfield>
    <subfield code="c">kA</subfield>
    <subfield code="h">920 23 A 285</subfield>
    <subfield code="8">2220209890007826</subfield>
  </datafield>
  <datafield tag="HOL" ind1=" " ind2=" ">
    <subfield code="d">2023-05-18 05:36:01</subfield>
    <subfield code="8">2220209890007826</subfield>
    <subfield code="b">2023-05-18 05:36:01</subfield>
    <subfield code="M">49HBZ_BRIDGE_WBT</subfield>
    <subfield code="g">false</subfield>
    <subfield code="a">System</subfield>
    <subfield code="c">System</subfield>
  </datafield>
  <datafield tag="ITM" ind1=" " ind2=" ">
    <subfield code="H">2220209890007826</subfield>
    <subfield code="x">kA</subfield>
    <subfield code="f">BOOK</subfield>
    <subfield code="v">kA</subfield>
    <subfield code="p">10</subfield>
    <subfield code="X">System</subfield>
    <subfield code="Y">2023-04-27 02:00:00 Europe/Berlin</subfield>
    <subfield code="n">920 23 A 285</subfield>
    <subfield code="M">49HBZ_BRIDGE_WBT</subfield>
    <subfield code="s">1</subfield>
    <subfield code="d">0</subfield>
    <subfield code="V">System</subfield>
    <subfield code="b">:94002761436</subfield>
    <subfield code="a">2320209870007826</subfield>
    <subfield code="c">920 23 A 285</subfield>
    <subfield code="B">23 A 285</subfield>
    <subfield code="D">20230510</subfield>
    <subfield code="W">2023-05-18 07:36:01 Europe/Berlin</subfield>
    <subfield code="u">T0010</subfield>
    <subfield code="w">T0010</subfield>
  </datafield>
  <datafield tag="GSI" ind1="7" ind2=" ">
    <subfield code="a">14072270X</subfield>
    <subfield code="0">http://d-nb.info/gnd/14072270X</subfield>
    <subfield code="2">gnd</subfield>
    <subfield code="A">GND</subfield>
    <subfield code="B">GND-14072270X</subfield>
    <subfield code="C">024</subfield>
  </datafield>
  <datafield tag="GPN" ind1="1" ind2=" ">
    <subfield code="a">Keller, Elena</subfield>
    <subfield code="d">1880-1968</subfield>
    <subfield code="A">GND</subfield>
    <subfield code="B">GND-118561103</subfield>
    <subfield code="C">400</subfield>
  </datafield>
  <datafield tag="GPN" ind1="0" ind2=" ">
    <subfield code="a">Khad-ler</subfield>
    <subfield code="d">1880-1968</subfield>
    <subfield code="A">GND</subfield>
    <subfield code="B">GND-118561103</subfield>
    <subfield code="C">400</subfield>
  </datafield>
  <datafield tag="GPN" ind1="0" ind2=" ">
    <subfield code="a">ཁད་ལེར</subfield>
    <subfield code="d">1880-1968</subfield>
    <subfield code="A">GND</subfield>
    <subfield code="B">GND-118561103</subfield>
    <subfield code="C">400</subfield>
  </datafield>
  <datafield tag="GPN" ind1="1" ind2=" ">
    <subfield code="a">Keller, Helen A.</subfield>
    <subfield code="d">1880-1968</subfield>
    <subfield code="A">GND</subfield>
    <subfield code="B">GND-118561103</subfield>
    <subfield code="C">400</subfield>
  </datafield>
  <datafield tag="GPN" ind1="1" ind2=" ">
    <subfield code="a">Ker, Ellen</subfield>
    <subfield code="d">1880-1968</subfield>
    <subfield code="A">GND</subfield>
    <subfield code="B">GND-118561103</subfield>
    <subfield code="C">400</subfield>
  </datafield>
  <datafield tag="GPN" ind1="1" ind2=" ">
    <subfield code="a">Ḳeller, Ellen</subfield>
    <subfield code="d">1880-1968</subfield>
    <subfield code="A">GND</subfield>
    <subfield code="B">GND-118561103</subfield>
    <subfield code="C">400</subfield>
  </datafield>
  <datafield tag="GPN" ind1="1" ind2=" ">
    <subfield code="a">Keller, Helen Adams</subfield>
    <subfield code="d">1880-1968</subfield>
    <subfield code="A">GND</subfield>
    <subfield code="B">GND-118561103</subfield>
    <subfield code="C">400</subfield>
  </datafield>
  <datafield tag="GSI" ind1="7" ind2=" ">
    <subfield code="a">118561103</subfield>
    <subfield code="0">http://d-nb.info/gnd/118561103</subfield>
    <subfield code="2">gnd</subfield>
    <subfield code="A">GND</subfield>
    <subfield code="B">GND-118561103</subfield>
    <subfield code="C">024</subfield>
  </datafield>
  <datafield tag="GPN" ind1="1" ind2=" ">
    <subfield code="a">Papashvily, Helen</subfield>
    <subfield code="d">1906-1996</subfield>
    <subfield code="A">GND</subfield>
    <subfield code="B">GND-1089435150</subfield>
    <subfield code="C">400</subfield>
  </datafield>
  <datafield tag="GPN" ind1="1" ind2=" ">
    <subfield code="a">Papashvily, Helen Waite</subfield>
    <subfield code="d">1906-1996</subfield>
    <subfield code="A">GND</subfield>
    <subfield code="B">GND-1089435150</subfield>
    <subfield code="C">400</subfield>
  </datafield>
  <datafield tag="GPN" ind1="1" ind2=" ">
    <subfield code="a">Papashvily, Hélène</subfield>
    <subfield code="d">1906-1996</subfield>
    <subfield code="A">GND</subfield>
    <subfield code="B">GND-1089435150</subfield>
    <subfield code="C">400</subfield>
  </datafield>
  <datafield tag="GPN" ind1="1" ind2=" ">
    <subfield code="a">Waite, Helen</subfield>
    <subfield code="d">1906-1996</subfield>
    <subfield code="A">GND</subfield>
    <subfield code="B">GND-1089435150</subfield>
    <subfield code="C">400</subfield>
  </datafield>
  <datafield tag="GSI" ind1="7" ind2=" ">
    <subfield code="a">http://d-nb.info/gnd/1089435150</subfield>
    <subfield code="2">uri</subfield>
    <subfield code="A">GND</subfield>
    <subfield code="B">GND-1089435150</subfield>
    <subfield code="C">024</subfield>
  </datafield>
</record>
